<record><leader>00000cas a2200000 a 4500</leader><controlfield tag="001">166261211</controlfield><controlfield tag="008">070822d189819uuiluwr ne      0   a0eng c</controlfield><datafield ind1=" " ind2=" " tag="010"><subfield code="a">sn2007006102</subfield></datafield><datafield ind1=" " ind2=" " tag="040"><subfield code="a">NVF</subfield><subfield code="b">eng</subfield><subfield code="c">NVF</subfield><subfield code="d">NVF</subfield><subfield code="d">OCLCF</subfield><subfield code="d">OCLCO</subfield><subfield code="d">NVF</subfield><subfield code="d">OCLCO</subfield><subfield code="d">OCL</subfield></datafield><datafield ind1=" " ind2=" " tag="042"><subfield code="a">pcc</subfield></datafield><datafield ind1=" " ind2=" " tag="043"><subfield code="a">n-us---</subfield></datafield><datafield ind1="0" ind2="4" tag="245"><subfield code="a">The national rural and family magazine.</subfield></datafield><datafield ind1="1" ind2="7" tag="246"><subfield code="a">National rural</subfield></datafield><datafield ind1=" " ind2=" " tag="260"><subfield code="a">Chicago, Ill. :</subfield><subfield code="b">Howard &amp; Wilson Pub. Co.,</subfield><subfield code="c">1898-[19--?].</subfield></datafield><datafield ind1="3" ind2=" " tag="260"><subfield code="a">Aug. 3, 1899-&lt;&gt;</subfield><subfield code="a">Chicago, Ill. :</subfield><subfield code="b">The Rural Press Co.</subfield></datafield><datafield ind1=" " ind2=" " tag="300"><subfield code="a">v.</subfield></datafield><datafield ind1=" " ind2=" " tag="310"><subfield code="a">Weekly</subfield></datafield><datafield ind1="0" ind2=" " tag="362"><subfield code="a">Vol. 56, no. 44 (Nov. 3, 1898)-</subfield></datafield><datafield ind1=" " ind2=" " tag="500"><subfield code="a">Nov. 3, 1898 issue called also: "Special Beef Number."</subfield></datafield><datafield ind1=" " ind2=" " tag="515"><subfield code="a">Continues the numbering of Western rural and live stock weekly.</subfield></datafield><datafield ind1=" " ind2=" " tag="530"><subfield code="a">Preservation microfilmed in cooperation with the University of Illinois at Urbana-Champaign Library as part of the United States Newspaper Program; the years 1898-1901 (on 3 microfilm reels) are available for purchase from OCLC Preservation Service Centers.</subfield></datafield><datafield ind1=" " ind2=" " tag="530"><subfield code="a">Also available via the World Wide Web.</subfield></datafield><datafield ind1=" " ind2=" " tag="588"><subfield code="a">Latest issue consulted: Vol. 59, no. 3 (Jan. 17, 1901).</subfield></datafield><datafield ind1=" " ind2="0" tag="650"><subfield code="a">Rural families</subfield><subfield code="z">United States</subfield><subfield code="v">Newspapers.</subfield></datafield><datafield ind1=" " ind2="0" tag="650"><subfield code="a">Agriculture</subfield><subfield code="z">United States</subfield><subfield code="v">Newspapers.</subfield></datafield><datafield ind1=" " ind2="0" tag="650"><subfield code="a">Farm life</subfield><subfield code="z">United States</subfield><subfield code="v">Newspapers.</subfield></datafield><datafield ind1=" " ind2="0" tag="650"><subfield code="a">Livestock</subfield><subfield code="z">United States</subfield><subfield code="v">Newspapers.</subfield></datafield><datafield ind1=" " ind2="0" tag="651"><subfield code="a">Middle West</subfield><subfield code="v">Newspapers.</subfield></datafield><datafield ind1=" " ind2="0" tag="651"><subfield code="a">West (U.S.)</subfield><subfield code="v">Newspapers.</subfield></datafield><datafield ind1=" " ind2="7" tag="650"><subfield code="a">Rural families</subfield><subfield code="2">fast</subfield><subfield code="0">(OCoLC)fst01101623</subfield></datafield><datafield ind1=" " ind2="7" tag="650"><subfield code="a">Agriculture.</subfield><subfield code="2">fast</subfield><subfield code="0">(OCoLC)fst00801355</subfield></datafield><datafield ind1=" " ind2="7" tag="650"><subfield code="a">Farm life.</subfield><subfield code="2">fast</subfield><subfield code="0">(OCoLC)fst00921052</subfield></datafield><datafield ind1=" " ind2="7" tag="650"><subfield code="a">Livestock.</subfield><subfield code="2">fast</subfield><subfield code="0">(OCoLC)fst01000722</subfield></datafield><datafield ind1=" " ind2="7" tag="651"><subfield code="a">Middle West.</subfield><subfield code="2">fast</subfield><subfield code="0">(OCoLC)fst01240052</subfield></datafield><datafield ind1=" " ind2="7" tag="651"><subfield code="a">United States.</subfield><subfield code="2">fast</subfield><subfield code="0">(OCoLC)fst01204155</subfield></datafield><datafield ind1=" " ind2="7" tag="651"><subfield code="a">United States, West.</subfield><subfield code="2">fast</subfield><subfield code="0">(OCoLC)fst01243255</subfield></datafield><datafield ind1=" " ind2="7" tag="655"><subfield code="a">Newspapers.</subfield><subfield code="2">fast</subfield><subfield code="0">(OCoLC)fst01423814</subfield></datafield><datafield ind1=" " ind2=" " tag="752"><subfield code="a">United States</subfield><subfield code="b">Illinois</subfield><subfield code="c">Cook</subfield><subfield code="d">Chicago.</subfield></datafield><datafield ind1="0" ind2="0" tag="780"><subfield code="t">Western rural and live stock weekly</subfield><subfield code="w">(DLC)sn2007061023</subfield><subfield code="w">(OCoLC)166260942</subfield></datafield><datafield ind1="0" ind2="4" tag="785"><subfield code="t">Farmer's voice</subfield><subfield code="w">(DLC)sn 93024087</subfield><subfield code="w">(OCoLC)10121622</subfield></datafield><datafield ind1="4" ind2="1" tag="856"><subfield code="3">(Nov. 3, 1898-Feb. 22, 1900) available online:</subfield><subfield code="u">http://www.library.illinois.edu/dnc/fff</subfield></datafield><datafield ind1="1" ind2=" " tag="029"><subfield code="a">AU@</subfield><subfield code="b">000042141087</subfield></datafield></record>